<collection xmlns="http://www.loc.gov/MARC21/slim">
   <record>
      <leader>04749nam a2200409 i 4500</leader>
      <controlfield tag="001">6748943</controlfield>
      <controlfield tag="003">FlBoTFG</controlfield>
      <controlfield tag="005">20141121161956.0</controlfield>
      <controlfield tag="006">m|||||o||d||||||||</controlfield>
      <controlfield tag="007">cr||||</controlfield>
      <controlfield tag="008">141121t20152015fluad   ob    001 0 eng d</controlfield>
      <datafield ind1=" " ind2=" " tag="020">
         <subfield code="a">9781466597709 (e-book : PDF)</subfield>
      </datafield>
      <datafield ind1=" " ind2=" " tag="035">
         <subfield code="a">ocn897459101</subfield>
      </datafield>
      <datafield ind1=" " ind2=" " tag="039">
         <subfield code="a">exclude</subfield>
      </datafield>
      <datafield ind1=" " ind2=" " tag="040">
         <subfield code="a">FlBoTFG</subfield>
         <subfield code="b">eng</subfield>
         <subfield code="c">FlBoTFG</subfield>
         <subfield code="e">rda</subfield>
         <subfield code="d">AEU</subfield>
      </datafield>
      <datafield ind1=" " ind2="4" tag="050">
         <subfield code="a">TL220</subfield>
         <subfield code="b">.E43 2014</subfield>
      </datafield>
      <datafield ind1=" " ind2=" " tag="090">
         <subfield code="a">Internet Access</subfield>
         <subfield code="b">AEU</subfield>
      </datafield>
      <datafield ind1="1" ind2=" " tag="100">
         <subfield code="a">Emadi, Ali,</subfield>
         <subfield code="e">author.</subfield>
         <subfield code="0">http://id.loc.gov/authorities/names/no2004035495</subfield>
         <subfield code="0">http://viaf.org/viaf/66761770</subfield>
      </datafield>
      <datafield ind1="1" ind2="0" tag="245">
         <subfield code="a">Advanced electric drive vehicles /</subfield>
         <subfield code="c">Ali Emadi, McMaster University, Hamilton, Ontario, Canada.</subfield>
      </datafield>
      <datafield ind1=" " ind2="1" tag="264">
         <subfield code="a">Boca Raton :</subfield>
         <subfield code="b">CRC Press,</subfield>
         <subfield code="c">[2015]</subfield>
      </datafield>
      <datafield ind1=" " ind2="4" tag="264">
         <subfield code="c">©2015</subfield>
      </datafield>
      <datafield ind1=" " ind2=" " tag="300">
         <subfield code="a">1 online resource.</subfield>
      </datafield>
      <datafield ind1=" " ind2=" " tag="336">
         <subfield code="a">text</subfield>
         <subfield code="2">rdacontent</subfield>
         <subfield code="0">http://id.loc.gov/vocabulary/contentTypes/txt</subfield>
      </datafield>
      <datafield ind1=" " ind2=" " tag="337">
         <subfield code="a">computer</subfield>
         <subfield code="2">rdamedia</subfield>
         <subfield code="0">http://id.loc.gov/vocabulary/mediaTypes/c</subfield>
      </datafield>
      <datafield ind1=" " ind2=" " tag="338">
         <subfield code="a">online resource</subfield>
         <subfield code="2">rdacarrier</subfield>
         <subfield code="0">http://id.loc.gov/vocabulary/carriers/cr</subfield>
      </datafield>
      <datafield ind1="1" ind2=" " tag="490">
         <subfield code="a">Energy, power electronics, and machines</subfield>
      </datafield>
      <datafield ind1=" " ind2=" " tag="504">
         <subfield code="a">Includes bibliographical references and index.</subfield>
      </datafield>
      <datafield ind1="0" ind2=" " tag="505">
         <subfield code="a">Automotive industry and electrification / Ali Emadi and Josipa G. Petrunić -- Fundamentals of conventional vehicles and powertrains / William Long and Berker Bilgin -- Internal combustion engines / Fengjun Yan -- Fundamentals of power electronics / Pierre Magne, Xiaodong Shi, and Mahesh Krishnamurthy -- Fundamentals of electric machines / Berker Bilgin and Anand Sathyanv -- Fundamentals of electric motor control / Nicholas J. Nagel -- Fundamentals of electric energy storage systems / Pawel P. Malysz, Lucia Gauchia, and Hong H. Yang -- Hybrid energy storage systems / Omer C. Onar and Alireza Khaligh -- Low-voltage electrical systems for nonpropulsion loads / Ruoyu Hou, Pierre Magne, and Berker Bilgin -- 48-V electrification : belt-driven starter generator systems / Sanjaka G. Wirasingha, Mariam Khan, and Oliver Gross -- Fundamentals of hybrid electric powertrains / Mengyang Zhang, Piranavan Suntharalingam, Yinye Yang, and Weisheng Jiang -- Hybrid electric vehicles / Piranavan Suntharalingam, Yinye Yang, and Weisheng Jiang -- Fundamentals of chargers / Fariborz Musavi -- Plug-in hybrid electric vehicles / Yinye Yang, Weisheng Jiang, and Piranavan Suntharalingam -- All-electric vehicles and range-extended electric vehicles / Weisheng Jiang, Yinye Yang, and Piranavan Suntharalingam -- Vehicle-to-grid interface and electrical infrastructure / Giampaolo Carli, Arash Shafiei, Florence Berthold, and Sheldon S. Williamson -- Energy management and optimization / Ilse Cervantes.</subfield>
      </datafield>
      <datafield ind1=" " ind2=" " tag="520">
         <subfield code="a">"Preface Electrification is an evolving paradigm shift in the transportation industry toward more efficient, higher performance, safer, smarter, and more reliable vehicles. There is in fact a clear trend to shift from internal combustion engines (ICEs) to more integrated electrified powertrains. Non-propulsion loads, such as power steering and air-conditioning systems, are also being electrified. Electrified vehicles include more electric vehicles (MEVs), hybrid electric vehicles (HEVs), plug-in hybrid electric vehicles (PHEVs), range-extended electric vehicles (REEVs), and all electric vehicles (EVs) including battery electric vehicles (BEVs) and fuel cell vehicles (FCVs). This book begins with an introduction to the automotive industry and explains the need for electrification in Chapter 1. Parallels with other industries such as the telecommunications industry are highlighted. Chapter 1 also explains how the paradigm shift began with MEVs, was established by HEVs, is gaining momentum by PHEVs and REEVs, and will be completed by EVs. Chapters 2 and 3 present the fundamentals of conventional vehicles and ICEs, respectively. Chapters 4 through 7 focus on the major components of electrified vehicles including power electronic converters, electric machines, electric motor controllers, and energy storage systems. Chapter 8 introduces hybrid battery/ultra-capacitor energy storage systems with applications in advanced electric drive vehicles"--</subfield>
         <subfield code="c">Provided by publisher.</subfield>
      </datafield>
      <datafield ind1=" " ind2=" " tag="596">
         <subfield code="a">44</subfield>
      </datafield>
      <datafield ind1=" " ind2="0" tag="650">
         <subfield code="a">Electric vehicles.</subfield>
         <subfield code="0">http://id.loc.gov/authorities/subjects/sh85042036</subfield>
      </datafield>
      <datafield ind1=" " ind2=" " tag="758">
         <subfield code="0">http://worldcat.org/entity/work/id/1865144365</subfield>
      </datafield>
      <datafield ind1="0" ind2=" " tag="787">
         <subfield code="n">OCLC Work Id</subfield>
         <subfield code="o">http://worldcat.org/entity/work/id/1865144365</subfield>
      </datafield>
      <datafield ind1=" " ind2="0" tag="830">
         <subfield code="a">Energy, power electronics, and machines series.</subfield>
         <subfield code="0">http://id.loc.gov/authorities/names/no2010038027</subfield>
      </datafield>
      <datafield ind1="4" ind2="0" tag="856">
         <subfield code="3">University of Alberta Access</subfield>
         <subfield code="u">http://marc.crcnetbase.com/isbn/9781466597709</subfield>
         <subfield code="z">(Unlimited Concurrent Users)</subfield>
      </datafield>
      <datafield ind1=" " ind2=" " tag="949">
         <subfield code="h">UAIN</subfield>
         <subfield code="z">CRC</subfield>
      </datafield>
      <datafield ind1=" " ind2=" " tag="926">
         <subfield code="a">Internet Access</subfield>
         <subfield code="w">LC</subfield>
         <subfield code="c">1</subfield>
         <subfield code="i">6748943-1001</subfield>
         <subfield code="l">INTERNET</subfield>
         <subfield code="m">UAINTERNET</subfield>
         <subfield code="r">Y</subfield>
         <subfield code="s">Y</subfield>
         <subfield code="t">E-RESOURCE</subfield>
         <subfield code="u">12/2/2014</subfield>
         <subfield code="x">E-BOOK</subfield>
         <subfield code="z">CRC</subfield>
      </datafield>
   </record>
</collection>
